@string{SGP={Proceedings of the Eurographics Symposium on Geometry Processing}}
﻿@string{SIGGRAPH={Proceedings of the Annual Conference on Computer Graphics and Interactive Techniques (SIGGRAPH)}}

@book{numrecipes,
  title     = {Numerical Recipes in C},
  author    = {William H. Press and Saul A. Teukolsky and William T. Vetterling and Brian P. Flannery},
  publisher = {Cambridge University Press},
  year      = {2007},
  address   = {Cambridge, USA},
  edition   = {3rd Edition},
  isbn      = {978-0521880688}
}

@inproceedings{hoppe96progressive,
  author    = {Hoppe, Hugues},
  title     = {Progressive Meshes},
  year      = {1996},
  url       = {https://doi.org/10.1145/237170.237216},
  doi       = {10.1145/237170.237216},
  booktitle = SIGGRAPH,
  publisher = {ACM},
  pages     = {99-108}
}

@inproceedings{garland97surface,
  author    = {Garland, Michael and Heckbert, Paul S.},
  title     = {Surface Simplification Using Quadric Error Metrics},
  year      = {1997},
  url       = {https://doi.org/10.1145/258734.258849},
  doi       = {10.1145/258734.258849},
  booktitle = SIGGRAPH,
  publisher = {ACM},
  pages     = {209-216}
}

@inproceedings{kazhdan06poisson,
  author    = {Kazhdan, Michael and Bolitho, Matthew and Hoppe, Hugues},
  title     = {Poisson Surface Reconstruction},
  year      = {2006},
  booktitle = SGP,
  pages     = {61-70}
}

@inproceedings{qi2017pointnetpp,
  title     = {{PointNet++}: Deep hierarchical feature learning on point sets in a metric space},
  author    = {Qi, Charles Ruizhongtai and Yi, Li and Su, Hao and Guibas, Leonidas J},
  booktitle = {Advances in Neural Information Processing Systems},
  pages     = {5099--5108},
  year      = {2017}
}

@book{nondesigners,
  author    = {Robin Williams},
  editor    = {},
  publisher = {マイナビ出版},
  title     = {ノンデザイナーズ・デザインブック 第4版},
  year      = {2016},
  isbn      = {9784839955557}
}

@Article{hattori2024learning,
  author    = {Hattori, Shota and Yatagawa, Tatsuya and Ohtake, Yutaka and Suzuki, Hiromasa},
  journal   = {IEEE Transactions on Visualization and Computer Graphics},
  title     = {Learning Self-Prior for Mesh Inpainting Using Self-Supervised Graph Convolutional Networks},
  year      = {2024},
  issn      = {2160-9306},
  pages     = {1--17},
  doi       = {10.1109/tvcg.2024.3364365},
  publisher = {Institute of Electrical and Electronics Engineers (IEEE)},
}

@Comment{jabref-meta: databaseType:bibtex;}
